@online{wolfram,
author="WolframAlpha",
url="https://www.wolframalpha.com/about/",
title="About Wolfram|Alpha Making the worldâ€™s knowledge computable"
}

@online{stack,
author="Wikipedia",
url="https://en.wikipedia.org/wiki/Stack_Exchange"
}
@online{mathhub,
author="Michael Kohlhase",
url="https://docs.mathhub.info/legacy/about",
title="MathHub Documentation"
}

@online{flexiforms,
author="Michael Kohlhase",
url="https://docs.mathhub.info/legacy/FlexiForms",
title="MathHub Documentation - FlexiForms"
}

@online{mmt,
author="Florian Rabe",
url="https://uniformal.github.io/doc/",
title="The MMT Language and System"
}

@online{omdoc,
author="Michael Kohlhase",
urle="https://www.omdoc.org/pubs/omdoc1.2.pdf",
title="An Open Markup Format for Mathematical Documents"
}

@misc{mmtsys,
  author = {Florian Rabe},
  title = "MMT: A Foundation-Independent Logical Framework",
  url = {https://kwarc.info/people/frabe/Research/rabe_mmtsys_18.pdf},
  year = {2018},
  type = {Online Documentation},
  pubs = {frabe,mmt}
}

@online{jobad,
author = "Michael Kohlhase and Jana Giceva and Christoph Lange and Vyacheslav Zholudev",
url = "https://www.researchgate.net/profile/Vyacheslav_Zholudev/publication/201466999_JOBAD_--_Interactive_Mathematical_Documents/links/57111eb408ae4ef74524ad1d/JOBAD--Interactive-Mathematical-Documents.pdf"
}
  
@online{polymer,
author="Wikipedia",
url="https://en.wikipedia.org/wiki/Polymer_(library)"
}

@online{angular,
author="Wikipedia",
url="https://en.wikipedia.org/wiki/Angular_(web_framework)"
}

@online{vuewiki,
author="Wikipedia",
url="https://en.wikipedia.org/wiki/Vue.js",
}

@online{vuegit,
author="Github",
url="https://github.com/vuejs/vue"
}

@report{comp,
title="In-place computation in active documents",
author="Michael Kohlhase and Tom Wiesing",
year="2014",
institution="Jacobs University Bremen"
}

@article{zdnet,
title="Update Drupal ASAP: Over a million sites can be easily hacked by any visitor", 
url="https://www.zdnet.com/article/update-drupal-asap-over-a-million-sites-can-be-easily-hacked-by-any-visitor/",
journal="www.zdnet.com", 
author="Liam Tung", 
year="2018"
}

@article{hacker,
title="Hackers Exploiting Drupal Vulnerability to Inject Cryptocurrency Miners", 
url="https://thehackernews.com/2018/04/drupal-cryptocurrency-hacking.html",
journal="https://thehackernews.com/", 
author="Mohit Kumar", 
year="2018"
}

@article{register,
title="Running Drupal? You need to patch, patch, patch right now!", 
url="https://www.theregister.co.uk/2018/03/28/drupal_urgent_security_software_patch/",
journal="https://www.theregister.co.uk/", 
author="Kieren McCarthy", 
year="2018"
}
@online{nist,
author = "NIST",
url = "https://nvd.nist.gov/view/vuln/search-results?cpe=cpe%3A%2Fa%3Adrupal%3Adrupal%3A7.38&page_num=0&cid=3"
}

@online{reactjs,
author = "Facebook Inc",
url = "https://reactjs.org/"
}

@online{flux,
author = "Facebook Inc",
url = "https://github.com/facebook/flux"
}

@online{semantic,
author = "Levi Thomason et al",
url="https://react.semantic-ui.com/",
}

@online{reactjsGS,
author = "Facebook Inc",
url = "https://reactjs.org/docs/getting-started.html"
}

@misc{smglom,
  author =   {Deyan Ginev and Mihnea Iancu and Constantin Jucovshi and Andrea Kohlhase and
                  Michael Kohlhase and Akbar Oripov and J{\"u}rgen Schefter and Wolfram
                  Sperber and Olaf Teschke and Tom Wiesing},
  title =    {The {SMGloM} Project and System. Towards a Terminology and Ontology for Mathematics},
  url = {http://kwarc.info/kohlhase/papers/icms16-smglom.pdf},
  keywords = {conference},
  pubs = {mkohlhase,miancu,dginev,cjucovschi,akohlhase,twiesing,smglom}}
  
@report{tgview,
  author = "Marcel Rupprecht and Michael Kohlhase and Dennis M{\"u}ller",
  title = "A Flexible, Interactive Theory-Graph Viewer",
  url = "http://kwarc.info/kohlhase/papers/mathui17-tgview.pdf",
  pubs = "dmueller,mkohlhase,mrupprecht,odk,mathhub,odkWP6"
}

@report{HamKoh:fsfm15,
  author = {Radu Hambasan and Michael Kohlhase},
  title = {Faceted Search for Mathematics},
  url = {http://ceur-ws.org/Vol-1458/D05_CRC1_Hambasan.pdf},
  pubs = {mkohlhase,mws}
}

@report{notebook,
author = {Kai Amann and Michael Kohlhase and Florian Rabe and Tom Wiesing},
title = {Notebook Import into MathHub.info (interactive display)}
}
